<?xml version="1.0" encoding="UTF-8"?><collection xmlns="http://www.loc.gov/MARC21/slim"><record><leader>00500nam--2200181-i-4500</leader><controlfield tag="001">000019494</controlfield><controlfield tag="002">20161230</controlfield><controlfield tag="005">20170212005006</controlfield><controlfield tag="008">060222s1000------------r-----000-0-eng-d</controlfield><datafield ind1=" " ind2=" " tag="080"><subfield code="a">539.2</subfield></datafield><datafield ind1=" " ind2=" " tag="100"><subfield code="a">Elliott, R. J</subfield></datafield><datafield ind1=" " ind2=" " tag="245"><subfield code="a">An introduction to solid state physics and its applications</subfield></datafield><datafield ind1=" " ind2=" " tag="260"><subfield code="a">London</subfield><subfield code="b">Macmillan</subfield><subfield code="c">1974</subfield></datafield><datafield ind1=" " ind2=" " tag="300"><subfield code="a">XXI + 490 p</subfield></datafield><datafield ind1=" " ind2=" " tag="490"><subfield code="a">A Title In The Nature-macmillan Physics Series</subfield></datafield><datafield ind1=" " ind2=" " tag="700"><subfield code="a">Gibson, Alain F</subfield></datafield><datafield ind1=" " ind2=" " tag="852"><subfield code="a">41891</subfield></datafield><datafield ind1=" " ind2=" " tag="CAT"><subfield code="a">SYS</subfield><subfield code="c">20170212</subfield><subfield code="h">005006</subfield></datafield></record></collection>